
@incollection{bello2018,
    Author = {Bello, J.~P. and Mydlarz, C. and Salamon, J.},
    Booktitle = {Computational Analysis of Sound Scenes and Events},
    Editor = {Virtanen, T. and Plumbley, M.~D. and Ellis, D.~P.~W.},
    Pages = {373--397},
    Publisher = {Springer International Publishing},
    Title = {Sound Analysis in Smart Cities},
    Year = {2018}}

    @article{lafay2016,
  TITLE = {{A morphological model for simulating acoustic scenes and its application to sound event detection}},
  AUTHOR = {Lafay, Gr{\'e}goire and Lagrange, Mathieu and Rossignol, Mathias and Benetos, Emmanouil and Roebel, Axel},
  URL = {https://hal.archives-ouvertes.fr/hal-01111381},
  JOURNAL = {{IEEE/ACM Transactions on Audio, Speech and Language Processing}},
  PUBLISHER = {{Institute of Electrical and Electronics Engineers}},
  VOLUME = {24},
  NUMBER = {10},
  PAGES = {1854-1864},
  YEAR = {2016},
  DOI = {10.1109/TASLP.2016.2587218},
  KEYWORDS = {auditory scene analysis ; acoustic event detection ; experimental validation},
  PDF = {https://hal.archives-ouvertes.fr/hal-01111381/file/lagrangeSceneModelTaslp14.pdf},
  HAL_ID = {hal-01111381},
  HAL_VERSION = {v2},
}

@Article{berglund2006,
  author =       "B. Berglund and M.E. Nilsson",
  title =        "On a tool for measuring soundscape quality in urban residential areas",
  journal = 	 "Acta Acust. unit. Acust.",
  year = 	 "2006",
  volume = 	 "92",
  pages = 	 "938-944",
  month = 	 ""
}

@Article{mydlarz2017,
  author =       "C. Mydlarz and J. Salamon and J.P. Bello",
  title =        "The implementation of low-cost urban acoustic monitoring devices",
  journal = 	 "Applied Acoustics",
  year = 	 "2017",
  volume = 	 "117",
  pages = 	 "207-218",
  month = 	 ""
}

@Article{nilsson2006,
  author =       "M.E. Nilsson and B. Berglund",
  title =        "Soundscape quality in suburban green areas and city parks",
  journal = 	 "Acta Acust. unit. Acust.",
  year = 	 "2006",
  volume = 	 "92",
  pages = 	 "903-911",
  month = 	 ""
}

@Article{decoensel2006,
  author =       "B. De Coensel and D. Botteldooren",
  title =        "The quiet rural soundscape and how to characterize it",
  journal = 	 "Acta Acust. unit. Acust.",
  year = 	 "2006",
  volume = 	 "92",
  pages = 	 "887-897",
  month = 	 ""
}

@Article{can2008,
  author =       "A. Can and L. Leclerq and J. Lelong and J. Defrance",
  title =        "Capturing urban traffic noise dynamics through relevant descriptors",
  journal = 	 "Applied Acoustics",
  year = 	 "2008",
  volume = 	 "69",
  pages = 	 "1270-1280",
  month = 	 ""
}

@Article{brocolini2013,
  author =       "L. Brocolini and C. Lavandier and M. Quoy and C. Ribeiro",
  title =        "Measurement of acoustic environments for urban soundscapes: choice of homogeneous periods, optimization of durations, and selection of indicators",
  journal = 	 "J. Ac. Soc. Am.",
  year = 	 "2013",
  volume = 	 "134",
  pages = 	 "813-821",
  month = 	 ""
}

@Article{ricciardi2014,
  author =       "P. Ricciardi and P. Delaitre and C. Lavandier and F. Torchia and P. Aumond",
  title =        "Sound quality indicators for urban places in Paris cross-validated by Milan data",
  journal = 	 "J. Ac. Soc. Am.",
  year = 	 "2014",
  volume = 	 "138",
  pages = 	 "2337-2348",
  month = 	 ""
}

@Article{axelsson2010,
  author =       "O. Axelsson and M.E. Nilsson and B. Berglund",
  title =        "A principal components model of soundscape perception",
  journal = 	 "J. Ac. Soc. Am.",
  year = 	 "2010",
  volume = 	 "128",
  pages = 	 "2836",
  month = 	 ""
}

@Article{lavandier2006,
  author =       "C. Lavandier and B. Defreville",
  title =        "The contribution of Sound Source characteristics in the assessment of urban soundscapes",
  journal = 	 "Acta Acust. unit. Acust.",
  year = 	 "2006",
  volume = 	 "92",
  pages = 	 "912-921",
  month = 	 ""
}

@Article{ec2002,
  author =       "EC",
  title =        "Directive 2002/49/EC of the European Parliament and of the Council of 25 June 2002 relating to the assessment and management of environmental noise",
  journal = 	 "Off. J. Eur. Communities",
  year = 	 "2002",
  volume = 	 "189",
  pages = 	 "12",
  month = 	 ""
}

@Article{aletta2016,
  author =       "F. Aletta and J. Kang and O. Axelsson",
  title =        "Soundscape descriptors and a conceptual framework for developing predictive soundscape models",
  journal = 	 "Landsc. Urban Plan.",
  year = 	 "2016",
  volume = 	 "149",
  pages = 	 "65-74",
  month = 	 ""
}

@InProceedings{nilsson2007,
  author = 	 "M.E. Nilsson and D. Botteldooren and B. De Coensel",
  TITLE   =      "Acoustic indicators of soundscape quality and noise annoyance in outdoor urban areas",
  booktitle =    "19th International Congress on Acoustics",
  year = 	 "2007",
  volume = 	 "",
  pages = 	 ""
}

@InProceedings{delaitre2014,
  author = 	 "P. Delaitre and C. Lavandier and C. Ribeiro and M. Quoy and E. D'Hondt and E. Gonzalez Boix and K. Kambona",
  TITLE   =      "Influence of loudness of noise events on perceived sound quality in urban context",
  booktitle =    "Inter Noise",
  year = 	 "2014",
  volume = 	 "",
  pages = 	 ""
}

@Article{jeon2018,
  author =       "J.Y. Jeon and J.Y. Hong and C. Lavandier and J. Lafon and O. Axelsson and M. Hurtig",
  title =        "A cross-national comparison in assessment of urban park soundscapes in France, Korea, and Sweden through laboratory experiments",
  journal = 	 "Applied Acoustics",
  year = 	 "2018",
  volume = 	 "133",
  pages = 	 "107-117",
  month = 	 ""
}

@Article{cain2013,
  author =       "R. Cain and P. Jennings and J. Poxon",
  title =        "The development and application of the emotional dimensions of a soundscape",
  journal = 	 "Applied Acoustics",
  year = 	 "2013",
  volume = 	 "74",
  pages = 	 "232-239",
  month = 	 ""
}

@Article{brown2011,
  author =       "A.L. Brown",
  title =        "Towards standardization in soundscape preference assessment",
  journal = 	 "Applied Acoustics",
  year = 	 "2011",
  volume = 	 "72",
  pages = 	 "387-392",
  month = 	 ""
}

@InProceedings{itatoolbox2017,
  author = 	 "M. Berzborn and R. Bomhardt and J. Klein and J.G. Richter and M. Vorlander",
  TITLE   =      "The ITA-Toolbox: an open source Matlab toolbox for acoustic measurements and signal processing",
  booktitle =    "43th Annual German Congress on Acoustics",
  year = 	 "2017",
  volume = 	 "",
  pages = 	 ""
}

@InProceedings{kingma2015,
  author = 	 "D. P. Kingma and J. Lei Ba",
  TITLE   =      "Adam: a method for stochastic optimization",
  booktitle =    "Proceedings of the 2015 International Conference on Learning Representations (ICLR)",
  year = 	 "2015",
  volume = 	 "",
  pages = 	 ""
}

@Article{aumond2017,
  author =       "P. Aumond and A. Can and B. De Coensel and D. Botteldooren and C. Ribeiro and C. Lavandier",
  title =        "Modeling soundscape pleasantness using perceptive assessments and acoustic measurements along paths in urban context",
  journal = 	 "Acta Acust. unit. Acust.",
  year = 	 "2017",
  volume = 	 "103",
  pages = 	 "430-443",
  month = 	 ""
}

@InProceedings{can2016,
  author = 	 "A. Can and P. Aumond and S. Michel and B. De Coensel and C. Ribeiro and D. Botteldooren and C. Lavandier",
  TITLE   =      "Comparison of noise indicators in an urban context",
  booktitle =    "45th International Congress and Exposition of Noise Control Engineering",
  year = 	 "2014",
  volume = 	 "",
  pages = 	 ""
}

@InProceedings{salamon2017,
  author = 	 "J. Salamon and D. MacConnell and M. Cartwright and P. Li and J. P. Bello",
  TITLE   =      "Scaper: A library for soundscape synthesis and augmentation",
  booktitle =    "2017 IEEE Workshop on Applications of Signal Processing to Audio and Acoustics (WASPAA)",
  year = 	 "2017",
  volume = 	 "",
  pages = 	 ""
}

@Article{gontier2017,
  author =       "F. Gontier and M. Lagrange and P. Aumond and A. Can and C. Lavandier",
  title =        "An efficient audio coding scheme for quantitative and qualitative large scale acoustic monitoring using the sensor grid approach",
  journal = 	 "Sensors",
  year = 	 "2017",
  volume = 	 "17",
  pages = 	 "",
  month = 	 ""
}

@InProceedings{panayotov2015,
  author = 	 "V. Panayotov and G. Chen and D. Povey and S. Khudanpur",
  TITLE   =      "Librispeech: an ASR corpus based on public domain audio books",
  booktitle =    "Proceedings of the 2015 IEEE International Conference on Acoustics, Speech and Signal Processing (ICASSP)",
  year = 	 "2015",
  volume = 	 "",
  pages = 	 ""
}

@InProceedings{gontier2018,
  author = 	 "F. Gontier and P. Aumond and M. Lagrange and C. Lavandier and J.-F. Petiot",
  TITLE   =      "Towards perceptual soundscape characterization using event detection algorithms",
  booktitle =    "Proceedings of the Detection and Classification of Acoustic Scenes and Events 2018 workshop (DCASE)",
  year = 	 "2018",
  volume = 	 "",
  pages = 	 ""
}

@InProceedings{gloaguen2017,
  author = 	 "J.R. Gloaguen and A. Can and M. Lagrange and J.F. Petiot",
  TITLE   =      "Creation of a corpus of realistic urban sound scenes with controlled acoustic properties",
  booktitle =    "Proceedings of Meetings on Acoustics",
  year = 	 "2017",
  volume = 	 "",
  pages = 	 ""
}

@InProceedings{rossignol2015,
  author = 	 "M. Rossignol and G. Lafay and M. Lagrange and N. Misdariis",
  TITLE   =      "SimScene : a web-based acoustic scenes simulator",
  booktitle =    "1st Web Audio Conference (WAC)",
  year = 	 "2015",
  volume = 	 "",
  pages = 	 ""
}

@Book{schafer1977,
  author =       {R. M. Schafer},
  title =        {The tuning of the World},
  publisher =    {},
  year =         {1977},
  OPTkey =       {},
  OPTvolume =    {},
  OPTnumber =    {},
  OPTseries =    {},
  address =      {},
  OPTedition =   {},
  OPTmonth =     {},
  OPTnote =      {},
  OPTannote =    {}
}

@InProceedings{picault2017,
  author = 	 "J. Picault and A. Can and J. Ardouin and P. Crepeaux and T. Dhome and D. Ecotiere and M. Lagrange and C. Lavandier and V. Mallet and C. Mietlicki and M. Paboeuf",
  TITLE   =      "Characterization of urban sound environments using a comprehensive approach combining open data, measurements, and modeling",
  booktitle =    "Acoustics '17, Boston",
  year = 	 "2017",
  volume = 	 "",
  pages = 	 ""
}

@InProceedings{gloaguen2016,
  author = 	 "J.R. Gloaguen and A. Can and M. Lagrange and J.F. Petiot",
  TITLE   =      "Estimating traffic noise levels using acoustic monitoring: a preliminary study",
  booktitle =    "DCASE 2016, Detection and Classification of Acoustic Scenes and Events",
  year = 	 "2016",
  volume = 	 "",
  pages = 	 ""
}

@Techreport{iso2014,
  type = {Standard},
  author =      "{ISO 12913-1:2014}",
  title =        "Acoustics - soundscape - part 1: definition and conceptual framework",
  journal = 	 "ISO 12913-1:2014",
  year = 	 "2014",
  address = {Geneva, CH},
  institution = {International Organization for Standardization},
  volume = 	 "",
  pages = 	 "",
  month = 	 "",
}

@InProceedings{ardouin2018,
  author = 	 "J. Ardouin and L. Charpentier and M. Lagrange and F. Gontier and N. Fortin and J. Picaut and D. Ecoti\`ere and G. Guillaume and C. Mietlicky",
  TITLE   =      "An innovative low-cost sensor for urban sound monitoring",
  booktitle =   "INTER-NOISE 2018",
  year = 	 "2018",
  volume = 	 "",
  pages = 	 ""
}

@InProceedings{viollon2000,
  author = 	 "S. Viollon and C. Lavandier",
  TITLE   =      "Multidimensional assessment of the acoustic quality of urban environments",
  booktitle =   "INTER-NOISE 2000",
  year = 	 "2000",
  volume = 	 "",
  pages = 	 ""
}

@InProceedings{cakir2015,
  author = 	 "E. Cakir and T. Heittola and H. Huttunen and T. Virtanen",
  TITLE   =      "Polyphonic sound event detection using multi label deep neural networks",
  booktitle =   "2015 International Joint Conference on Neural Networks (IJCNN)",
  year = 	 "2015",
  volume = 	 "",
  pages = 	 ""
}

@Article{salamon2017-2,
  author =       "J. Salamon and J. P. Bello",
  title =        "Deep convolutional neural networks and data augmentation for environmental sound classification",
  journal = 	 "IEEE Signal Processing Letters",
  year = 	 "2017",
  volume = 	 "24",
  pages = 	 "",
  month = 	 ""
}
